@misc{BEESAT-9,
  author       = {{Institut f√ºr Luft- und Raumfahrt. Chair of Space Technology}},
  title        = {{``BEESAT-9''}},
  howpublished = {\url{https://www.raumfahrttechnik.tu-berlin.de/menue/research/current_projects/beesat_9/parameter/en/}},
  year         = {2020},
  note         = {[Accedido: 03/09/2022]}
}